<record><leader>00000cas a22000007a 4500</leader><controlfield tag="001">11914907</controlfield><controlfield tag="008">850413d18491939ohuwr ne      0    0eng d</controlfield><datafield ind1=" " ind2=" " tag="010"><subfield code="a">sn 85038221 </subfield></datafield><datafield ind1=" " ind2=" " tag="040"><subfield code="a">NPY</subfield><subfield code="b">eng</subfield><subfield code="c">NPY</subfield><subfield code="d">NPX</subfield><subfield code="d">NPU</subfield><subfield code="d">ONP</subfield><subfield code="d">OCL</subfield><subfield code="d">OCLCQ</subfield><subfield code="d">OCLCF</subfield><subfield code="d">OCLCO</subfield></datafield><datafield ind1=" " ind2=" " tag="042"><subfield code="a">msc</subfield></datafield><datafield ind1=" " ind2=" " tag="043"><subfield code="a">n-us-oh</subfield></datafield><datafield ind1="0" ind2="4" tag="245"><subfield code="a">The Marysville tribune.</subfield></datafield><datafield ind1=" " ind2=" " tag="260"><subfield code="a">Marysville, Union County, Ohio :</subfield><subfield code="b">C.S. Hamilton,</subfield><subfield code="c">1849-1939.</subfield></datafield><datafield ind1=" " ind2=" " tag="300"><subfield code="a">91 v.</subfield></datafield><datafield ind1=" " ind2=" " tag="310"><subfield code="a">Weekly</subfield></datafield><datafield ind1="0" ind2=" " tag="362"><subfield code="a">Vol. 1, no. 1 (Sept. 19, 1849)-v. 91, no. 45 (May 11, 1939).</subfield></datafield><datafield ind1=" " ind2=" " tag="500"><subfield code="a">"A family newspaper: devoted to politics, literature, the arts, sciences, and interests of Union County."</subfield></datafield><datafield ind1=" " ind2=" " tag="500"><subfield code="a">Whig, 1849-1854; Republican, 1855-1939.</subfield></datafield><datafield ind1=" " ind2="0" tag="651"><subfield code="a">Marysville (Ohio)</subfield><subfield code="v">Newspapers.</subfield></datafield><datafield ind1=" " ind2="0" tag="651"><subfield code="a">Union County (Ohio)</subfield><subfield code="v">Newspapers.</subfield></datafield><datafield ind1=" " ind2="7" tag="655"><subfield code="a">Newspapers.</subfield><subfield code="2">fast</subfield><subfield code="0">(OCoLC)fst01423814</subfield></datafield><datafield ind1=" " ind2="7" tag="651"><subfield code="a">Ohio</subfield><subfield code="z">Marysville.</subfield><subfield code="2">fast</subfield><subfield code="0">(OCoLC)fst01247595</subfield></datafield><datafield ind1=" " ind2="7" tag="651"><subfield code="a">Ohio</subfield><subfield code="z">Union County.</subfield><subfield code="2">fast</subfield><subfield code="0">(OCoLC)fst01224945</subfield></datafield><datafield ind1=" " ind2=" " tag="752"><subfield code="a">United States</subfield><subfield code="b">Ohio</subfield><subfield code="c">Union</subfield><subfield code="d">Marysville.</subfield></datafield><datafield ind1="0" ind2="8" tag="775"><subfield code="i">Daily ed.:</subfield><subfield code="t">Evening tribune (Marysville, Ohio)</subfield><subfield code="w">(DLC)sn 88077543</subfield><subfield code="w">(OCoLC)18102426</subfield></datafield></record>